<record><leader>00000cas a2200000 a 4500</leader><controlfield tag="001">8782515</controlfield><controlfield tag="008">820917d18201826meuwr ne      0    0eng  </controlfield><datafield ind1=" " ind2=" " tag="010"><subfield code="a">sn 82014459 </subfield></datafield><datafield ind1=" " ind2=" " tag="040"><subfield code="a">DLC</subfield><subfield code="b">eng</subfield><subfield code="c">DLC</subfield><subfield code="d">NPX</subfield><subfield code="d">DLC</subfield><subfield code="d">NPU</subfield><subfield code="d">DLC</subfield><subfield code="d">YOX</subfield><subfield code="d">IUL</subfield><subfield code="d">KNP</subfield><subfield code="d">MBN</subfield><subfield code="d">DLC</subfield><subfield code="d">FUG</subfield><subfield code="d">DLC</subfield><subfield code="d">MBN</subfield><subfield code="d">OCL</subfield><subfield code="d">KRTAS</subfield><subfield code="d">OCLCO</subfield><subfield code="d">OCLCQ</subfield><subfield code="d">OCLCF</subfield></datafield><datafield ind1="1" ind2=" " tag="029"><subfield code="a">AU@</subfield><subfield code="b">000003061175</subfield></datafield><datafield ind1=" " ind2=" " tag="042"><subfield code="a">pcc</subfield></datafield><datafield ind1=" " ind2=" " tag="043"><subfield code="a">n-us-me</subfield></datafield><datafield ind1="0" ind2="0" tag="050"><subfield code="a">Newspaper</subfield></datafield><datafield ind1="0" ind2="0" tag="245"><subfield code="a">Hancock gazette and Penobscot patriot.</subfield></datafield><datafield ind1="3" ind2="0" tag="246"><subfield code="a">Penobscot patriot</subfield></datafield><datafield ind1="1" ind2="3" tag="246"><subfield code="a">Hancock gazette &amp; Penobscot patriot</subfield><subfield code="f">Sept. 12, 1821-</subfield></datafield><datafield ind1=" " ind2=" " tag="260"><subfield code="a">Belfast, Me. :</subfield><subfield code="b">Fellowes &amp; Simpson,</subfield><subfield code="c">1820-1826.</subfield></datafield><datafield ind1=" " ind2=" " tag="300"><subfield code="a">6 v. ;</subfield><subfield code="c">48-68 cm.</subfield></datafield><datafield ind1=" " ind2=" " tag="310"><subfield code="a">Weekly</subfield></datafield><datafield ind1="0" ind2=" " tag="362"><subfield code="a">Vol. 1, no. 24 (Dec. 14, 1820)-v. 6, no. 52 (June 21, 1826).</subfield></datafield><datafield ind1=" " ind2=" " tag="530"><subfield code="a">Available on microfilm from the Library of Congress, Photoduplication Service, and Readex Microprint Corp.</subfield></datafield><datafield ind1=" " ind2="0" tag="651"><subfield code="a">Belfast (Me.)</subfield><subfield code="v">Newspapers.</subfield></datafield><datafield ind1=" " ind2="0" tag="651"><subfield code="a">Waldo County (Me.)</subfield><subfield code="v">Newspapers.</subfield></datafield><datafield ind1=" " ind2="7" tag="655"><subfield code="a">Newspapers.</subfield><subfield code="2">fast</subfield><subfield code="0">(OCoLC)fst01423814</subfield></datafield><datafield ind1=" " ind2="7" tag="651"><subfield code="a">Maine</subfield><subfield code="z">Belfast.</subfield><subfield code="2">fast</subfield><subfield code="0">(OCoLC)fst01223538</subfield></datafield><datafield ind1=" " ind2="7" tag="651"><subfield code="a">Maine</subfield><subfield code="z">Waldo County.</subfield><subfield code="2">fast</subfield><subfield code="0">(OCoLC)fst01229136</subfield></datafield><datafield ind1=" " ind2=" " tag="752"><subfield code="a">United States</subfield><subfield code="b">Maine</subfield><subfield code="c">Waldo</subfield><subfield code="d">Belfast.</subfield></datafield><datafield ind1="0" ind2="0" tag="780"><subfield code="t">Hancock gazette</subfield><subfield code="w">(DLC)sn 83021315</subfield><subfield code="w">(OCoLC)10125305</subfield></datafield><datafield ind1="0" ind2="0" tag="785"><subfield code="t">Belfast gazette</subfield><subfield code="w">(DLC)sn 82014460</subfield><subfield code="w">(OCoLC)8782594</subfield></datafield><datafield ind1=" " ind2=" " tag="938"><subfield code="a">Kirtas Technologies, Inc.</subfield><subfield code="b">KRTS</subfield><subfield code="n">735969</subfield></datafield></record>